%YAML 1.1
%TAG !u! tag:unity3d.com,2011:
--- !u!1 &291813845236781148
GameObject:
  m_ObjectHideFlags: 0
  m_CorrespondingSourceObject: {fileID: 0}
  m_PrefabInstance: {fileID: 0}
  m_PrefabAsset: {fileID: 0}
  serializedVersion: 6
  m_Component:
  - component: {fileID: 4301684751631438802}
  m_Layer: 0
  m_Name: SpawnPosition
  m_TagString: Untagged
  m_Icon: {fileID: 0}
  m_NavMeshLayer: 0
  m_StaticEditorFlags: 0
  m_IsActive: 1
--- !u!4 &4301684751631438802
Transform:
  m_ObjectHideFlags: 0
  m_CorrespondingSourceObject: {fileID: 0}
  m_PrefabInstance: {fileID: 0}
  m_PrefabAsset: {fileID: 0}
  m_GameObject: {fileID: 291813845236781148}
  m_LocalRotation: {x: 0, y: 0, z: 0, w: 1}
  m_LocalPosition: {x: 0, y: -1, z: 0}
  m_LocalScale: {x: 1, y: 1, z: 1}
  m_Children: []
  m_Father: {fileID: 4682922691605814735}
  m_RootOrder: 0
  m_LocalEulerAnglesHint: {x: 0, y: 0, z: 0}
--- !u!1 &7198293814650025818
GameObject:
  m_ObjectHideFlags: 0
  m_CorrespondingSourceObject: {fileID: 0}
  m_PrefabInstance: {fileID: 0}
  m_PrefabAsset: {fileID: 0}
  serializedVersion: 6
  m_Component:
  - component: {fileID: 4682922691605814735}
  - component: {fileID: 4730180726112198045}
  m_Layer: 0
  m_Name: Spawner
  m_TagString: Spawner
  m_Icon: {fileID: 5132851093641282708, guid: 0000000000000000d000000000000000, type: 0}
  m_NavMeshLayer: 0
  m_StaticEditorFlags: 0
  m_IsActive: 1
--- !u!4 &4682922691605814735
Transform:
  m_ObjectHideFlags: 0
  m_CorrespondingSourceObject: {fileID: 0}
  m_PrefabInstance: {fileID: 0}
  m_PrefabAsset: {fileID: 0}
  m_GameObject: {fileID: 7198293814650025818}
  m_LocalRotation: {x: 0, y: 0, z: 0, w: 1}
  m_LocalPosition: {x: 0, y: 4, z: 0}
  m_LocalScale: {x: 1, y: 1, z: 1}
  m_Children:
  - {fileID: 4301684751631438802}
  - {fileID: 7876523110167199354}
  m_Father: {fileID: 0}
  m_RootOrder: 0
  m_LocalEulerAnglesHint: {x: 0, y: 0, z: 0}
--- !u!114 &4730180726112198045
MonoBehaviour:
  m_ObjectHideFlags: 0
  m_CorrespondingSourceObject: {fileID: 0}
  m_PrefabInstance: {fileID: 0}
  m_PrefabAsset: {fileID: 0}
  m_GameObject: {fileID: 7198293814650025818}
  m_Enabled: 1
  m_EditorHideFlags: 0
  m_Script: {fileID: 11500000, guid: f325687cf25ffa94cb77eec51086547a, type: 3}
  m_Name: 
  m_EditorClassIdentifier: 
  SpawnPosition: {fileID: 4301684751631438802}
  SpawnObject: {fileID: 948691056922328492, guid: 7cc771bb2c300bf4a8bf7a7a07130f6b,
    type: 3}
  MaxCooldown: 6.5
--- !u!64 &997504055604757864
MeshCollider:
  m_ObjectHideFlags: 0
  m_CorrespondingSourceObject: {fileID: 0}
  m_PrefabInstance: {fileID: 0}
  m_PrefabAsset: {fileID: 0}
  m_GameObject: {fileID: 7876523110167224920}
  m_Material: {fileID: 0}
  m_IsTrigger: 0
  m_Enabled: 1
  serializedVersion: 3
  m_Convex: 1
  m_CookingOptions: 14
  m_Mesh: {fileID: 4300000, guid: cdc1b70fb09dc8644a088224054a7647, type: 3}
--- !u!1001 &7876523110167323896
PrefabInstance:
  m_ObjectHideFlags: 0
  serializedVersion: 2
  m_Modification:
    m_TransformParent: {fileID: 4682922691605814735}
    m_Modifications:
    - target: {fileID: 100002, guid: cdc1b70fb09dc8644a088224054a7647, type: 3}
      propertyPath: m_Name
      value: Spawner
      objectReference: {fileID: 0}
    - target: {fileID: 400002, guid: cdc1b70fb09dc8644a088224054a7647, type: 3}
      propertyPath: m_LocalPosition.x
      value: 0
      objectReference: {fileID: 0}
    - target: {fileID: 400002, guid: cdc1b70fb09dc8644a088224054a7647, type: 3}
      propertyPath: m_LocalPosition.y
      value: 0
      objectReference: {fileID: 0}
    - target: {fileID: 400002, guid: cdc1b70fb09dc8644a088224054a7647, type: 3}
      propertyPath: m_LocalPosition.z
      value: 0
      objectReference: {fileID: 0}
    - target: {fileID: 400002, guid: cdc1b70fb09dc8644a088224054a7647, type: 3}
      propertyPath: m_LocalRotation.x
      value: -0
      objectReference: {fileID: 0}
    - target: {fileID: 400002, guid: cdc1b70fb09dc8644a088224054a7647, type: 3}
      propertyPath: m_LocalRotation.y
      value: -0
      objectReference: {fileID: 0}
    - target: {fileID: 400002, guid: cdc1b70fb09dc8644a088224054a7647, type: 3}
      propertyPath: m_LocalRotation.z
      value: -0
      objectReference: {fileID: 0}
    - target: {fileID: 400002, guid: cdc1b70fb09dc8644a088224054a7647, type: 3}
      propertyPath: m_LocalRotation.w
      value: 1
      objectReference: {fileID: 0}
    - target: {fileID: 400002, guid: cdc1b70fb09dc8644a088224054a7647, type: 3}
      propertyPath: m_RootOrder
      value: 1
      objectReference: {fileID: 0}
    - target: {fileID: 400002, guid: cdc1b70fb09dc8644a088224054a7647, type: 3}
      propertyPath: m_LocalEulerAnglesHint.x
      value: 0
      objectReference: {fileID: 0}
    - target: {fileID: 400002, guid: cdc1b70fb09dc8644a088224054a7647, type: 3}
      propertyPath: m_LocalEulerAnglesHint.y
      value: 0
      objectReference: {fileID: 0}
    - target: {fileID: 400002, guid: cdc1b70fb09dc8644a088224054a7647, type: 3}
      propertyPath: m_LocalEulerAnglesHint.z
      value: 0
      objectReference: {fileID: 0}
    - target: {fileID: 400000, guid: cdc1b70fb09dc8644a088224054a7647, type: 3}
      propertyPath: m_LocalPosition.y
      value: -3.5
      objectReference: {fileID: 0}
    m_RemovedComponents: []
  m_SourcePrefab: {fileID: 100100000, guid: cdc1b70fb09dc8644a088224054a7647, type: 3}
--- !u!4 &7876523110167199354 stripped
Transform:
  m_CorrespondingSourceObject: {fileID: 400002, guid: cdc1b70fb09dc8644a088224054a7647,
    type: 3}
  m_PrefabInstance: {fileID: 7876523110167323896}
  m_PrefabAsset: {fileID: 0}
--- !u!1 &7876523110167224920 stripped
GameObject:
  m_CorrespondingSourceObject: {fileID: 100000, guid: cdc1b70fb09dc8644a088224054a7647,
    type: 3}
  m_PrefabInstance: {fileID: 7876523110167323896}
  m_PrefabAsset: {fileID: 0}
