%YAML 1.1
%TAG !u! tag:unity3d.com,2011:
--- !u!54 &3830269395260587649
Rigidbody:
  m_ObjectHideFlags: 0
  m_CorrespondingSourceObject: {fileID: 0}
  m_PrefabInstance: {fileID: 0}
  m_PrefabAsset: {fileID: 0}
  m_GameObject: {fileID: 3792534956483348495}
  serializedVersion: 2
  m_Mass: 1
  m_Drag: 0
  m_AngularDrag: 0.05
  m_UseGravity: 0
  m_IsKinematic: 1
  m_Interpolate: 0
  m_Constraints: 0
  m_CollisionDetection: 0
--- !u!64 &2775303807865921254
MeshCollider:
  m_ObjectHideFlags: 0
  m_CorrespondingSourceObject: {fileID: 0}
  m_PrefabInstance: {fileID: 0}
  m_PrefabAsset: {fileID: 0}
  m_GameObject: {fileID: 3792534956483348495}
  m_Material: {fileID: 0}
  m_IsTrigger: 0
  m_Enabled: 1
  serializedVersion: 3
  m_Convex: 0
  m_CookingOptions: 14
  m_Mesh: {fileID: 4300000, guid: 6c0ed12c0300a28478e3241d32a371c4, type: 3}
--- !u!114 &722263983764506328
MonoBehaviour:
  m_ObjectHideFlags: 0
  m_CorrespondingSourceObject: {fileID: 0}
  m_PrefabInstance: {fileID: 0}
  m_PrefabAsset: {fileID: 0}
  m_GameObject: {fileID: 3792534956483348495}
  m_Enabled: 1
  m_EditorHideFlags: 0
  m_Script: {fileID: 11500000, guid: 0936cc61de9e27f4e836eff042f6ecdb, type: 3}
  m_Name: 
  m_EditorClassIdentifier: 
  Moving: 0
  MoveTime: 1.5
--- !u!64 &6485263858666110959
MeshCollider:
  m_ObjectHideFlags: 0
  m_CorrespondingSourceObject: {fileID: 0}
  m_PrefabInstance: {fileID: 0}
  m_PrefabAsset: {fileID: 0}
  m_GameObject: {fileID: 4525722882991402389}
  m_Material: {fileID: 0}
  m_IsTrigger: 0
  m_Enabled: 1
  serializedVersion: 3
  m_Convex: 0
  m_CookingOptions: 14
  m_Mesh: {fileID: 4300000, guid: 76a655926ef3efa4da98946ce5dfbeda, type: 3}
--- !u!1 &8052777886752655326
GameObject:
  m_ObjectHideFlags: 0
  m_CorrespondingSourceObject: {fileID: 0}
  m_PrefabInstance: {fileID: 0}
  m_PrefabAsset: {fileID: 0}
  serializedVersion: 6
  m_Component:
  - component: {fileID: 8052777886752655325}
  - component: {fileID: 7689173422474096020}
  - component: {fileID: 2250148766088861712}
  - component: {fileID: 415779708945629888}
  m_Layer: 0
  m_Name: Piston
  m_TagString: Piston
  m_Icon: {fileID: 0}
  m_NavMeshLayer: 0
  m_StaticEditorFlags: 0
  m_IsActive: 1
--- !u!4 &8052777886752655325
Transform:
  m_ObjectHideFlags: 0
  m_CorrespondingSourceObject: {fileID: 0}
  m_PrefabInstance: {fileID: 0}
  m_PrefabAsset: {fileID: 0}
  m_GameObject: {fileID: 8052777886752655326}
  m_LocalRotation: {x: 0, y: 0, z: 0, w: 1}
  m_LocalPosition: {x: 0, y: 0, z: 0}
  m_LocalScale: {x: 1, y: 1, z: 1}
  m_Children:
  - {fileID: 3792534956483712047}
  - {fileID: 4525722882990977461}
  m_Father: {fileID: 0}
  m_RootOrder: 0
  m_LocalEulerAnglesHint: {x: 0, y: 0, z: 0}
--- !u!114 &7689173422474096020
MonoBehaviour:
  m_ObjectHideFlags: 0
  m_CorrespondingSourceObject: {fileID: 0}
  m_PrefabInstance: {fileID: 0}
  m_PrefabAsset: {fileID: 0}
  m_GameObject: {fileID: 8052777886752655326}
  m_Enabled: 1
  m_EditorHideFlags: 0
  m_Script: {fileID: 11500000, guid: 6f739519b6980b14696139c9e7515051, type: 3}
  m_Name: 
  m_EditorClassIdentifier: 
  LevelObject: 0
  Shaft: {fileID: 722263983764506328}
  TimeToMove: 1.5
--- !u!64 &2250148766088861712
MeshCollider:
  m_ObjectHideFlags: 0
  m_CorrespondingSourceObject: {fileID: 0}
  m_PrefabInstance: {fileID: 0}
  m_PrefabAsset: {fileID: 0}
  m_GameObject: {fileID: 8052777886752655326}
  m_Material: {fileID: 0}
  m_IsTrigger: 0
  m_Enabled: 1
  serializedVersion: 3
  m_Convex: 1
  m_CookingOptions: 14
  m_Mesh: {fileID: 4300000, guid: 76a655926ef3efa4da98946ce5dfbeda, type: 3}
--- !u!82 &415779708945629888
AudioSource:
  m_ObjectHideFlags: 0
  m_CorrespondingSourceObject: {fileID: 0}
  m_PrefabInstance: {fileID: 0}
  m_PrefabAsset: {fileID: 0}
  m_GameObject: {fileID: 8052777886752655326}
  m_Enabled: 1
  serializedVersion: 4
  OutputAudioMixerGroup: {fileID: 243224551634033422, guid: 4425724356593f949a030cb753a2f0f9,
    type: 2}
  m_audioClip: {fileID: 8300000, guid: f8e497f5da55eae45bb76a28e154696b, type: 3}
  m_PlayOnAwake: 0
  m_Volume: 1
  m_Pitch: 1
  Loop: 0
  Mute: 0
  Spatialize: 0
  SpatializePostEffects: 0
  Priority: 128
  DopplerLevel: 1
  MinDistance: 1
  MaxDistance: 500
  Pan2D: 0
  rolloffMode: 0
  BypassEffects: 0
  BypassListenerEffects: 0
  BypassReverbZones: 0
  rolloffCustomCurve:
    serializedVersion: 2
    m_Curve:
    - serializedVersion: 3
      time: 0
      value: 1
      inSlope: 0
      outSlope: 0
      tangentMode: 0
      weightedMode: 0
      inWeight: 0.33333334
      outWeight: 0.33333334
    - serializedVersion: 3
      time: 1
      value: 0
      inSlope: 0
      outSlope: 0
      tangentMode: 0
      weightedMode: 0
      inWeight: 0.33333334
      outWeight: 0.33333334
    m_PreInfinity: 2
    m_PostInfinity: 2
    m_RotationOrder: 4
  panLevelCustomCurve:
    serializedVersion: 2
    m_Curve:
    - serializedVersion: 3
      time: 0
      value: 0
      inSlope: 0
      outSlope: 0
      tangentMode: 0
      weightedMode: 0
      inWeight: 0.33333334
      outWeight: 0.33333334
    m_PreInfinity: 2
    m_PostInfinity: 2
    m_RotationOrder: 4
  spreadCustomCurve:
    serializedVersion: 2
    m_Curve:
    - serializedVersion: 3
      time: 0
      value: 0
      inSlope: 0
      outSlope: 0
      tangentMode: 0
      weightedMode: 0
      inWeight: 0.33333334
      outWeight: 0.33333334
    m_PreInfinity: 2
    m_PostInfinity: 2
    m_RotationOrder: 4
  reverbZoneMixCustomCurve:
    serializedVersion: 2
    m_Curve:
    - serializedVersion: 3
      time: 0
      value: 1
      inSlope: 0
      outSlope: 0
      tangentMode: 0
      weightedMode: 0
      inWeight: 0.33333334
      outWeight: 0.33333334
    m_PreInfinity: 2
    m_PostInfinity: 2
    m_RotationOrder: 4
--- !u!1001 &3792534956483317421
PrefabInstance:
  m_ObjectHideFlags: 0
  serializedVersion: 2
  m_Modification:
    m_TransformParent: {fileID: 8052777886752655325}
    m_Modifications:
    - target: {fileID: 100002, guid: 6c0ed12c0300a28478e3241d32a371c4, type: 3}
      propertyPath: m_Name
      value: Shaft
      objectReference: {fileID: 0}
    - target: {fileID: 400002, guid: 6c0ed12c0300a28478e3241d32a371c4, type: 3}
      propertyPath: m_LocalPosition.x
      value: 0
      objectReference: {fileID: 0}
    - target: {fileID: 400002, guid: 6c0ed12c0300a28478e3241d32a371c4, type: 3}
      propertyPath: m_LocalPosition.y
      value: 0
      objectReference: {fileID: 0}
    - target: {fileID: 400002, guid: 6c0ed12c0300a28478e3241d32a371c4, type: 3}
      propertyPath: m_LocalPosition.z
      value: 0
      objectReference: {fileID: 0}
    - target: {fileID: 400002, guid: 6c0ed12c0300a28478e3241d32a371c4, type: 3}
      propertyPath: m_LocalRotation.x
      value: 0
      objectReference: {fileID: 0}
    - target: {fileID: 400002, guid: 6c0ed12c0300a28478e3241d32a371c4, type: 3}
      propertyPath: m_LocalRotation.y
      value: -0
      objectReference: {fileID: 0}
    - target: {fileID: 400002, guid: 6c0ed12c0300a28478e3241d32a371c4, type: 3}
      propertyPath: m_LocalRotation.z
      value: -0
      objectReference: {fileID: 0}
    - target: {fileID: 400002, guid: 6c0ed12c0300a28478e3241d32a371c4, type: 3}
      propertyPath: m_LocalRotation.w
      value: 1
      objectReference: {fileID: 0}
    - target: {fileID: 400002, guid: 6c0ed12c0300a28478e3241d32a371c4, type: 3}
      propertyPath: m_RootOrder
      value: 0
      objectReference: {fileID: 0}
    - target: {fileID: 400002, guid: 6c0ed12c0300a28478e3241d32a371c4, type: 3}
      propertyPath: m_LocalEulerAnglesHint.x
      value: 0
      objectReference: {fileID: 0}
    - target: {fileID: 400002, guid: 6c0ed12c0300a28478e3241d32a371c4, type: 3}
      propertyPath: m_LocalEulerAnglesHint.y
      value: 0
      objectReference: {fileID: 0}
    - target: {fileID: 400002, guid: 6c0ed12c0300a28478e3241d32a371c4, type: 3}
      propertyPath: m_LocalEulerAnglesHint.z
      value: 0
      objectReference: {fileID: 0}
    m_RemovedComponents: []
  m_SourcePrefab: {fileID: 100100000, guid: 6c0ed12c0300a28478e3241d32a371c4, type: 3}
--- !u!1 &3792534956483348495 stripped
GameObject:
  m_CorrespondingSourceObject: {fileID: 100002, guid: 6c0ed12c0300a28478e3241d32a371c4,
    type: 3}
  m_PrefabInstance: {fileID: 3792534956483317421}
  m_PrefabAsset: {fileID: 0}
--- !u!4 &3792534956483712047 stripped
Transform:
  m_CorrespondingSourceObject: {fileID: 400002, guid: 6c0ed12c0300a28478e3241d32a371c4,
    type: 3}
  m_PrefabInstance: {fileID: 3792534956483317421}
  m_PrefabAsset: {fileID: 0}
--- !u!1001 &4525722882991369015
PrefabInstance:
  m_ObjectHideFlags: 0
  serializedVersion: 2
  m_Modification:
    m_TransformParent: {fileID: 8052777886752655325}
    m_Modifications:
    - target: {fileID: 100002, guid: 76a655926ef3efa4da98946ce5dfbeda, type: 3}
      propertyPath: m_Name
      value: Casing
      objectReference: {fileID: 0}
    - target: {fileID: 400002, guid: 76a655926ef3efa4da98946ce5dfbeda, type: 3}
      propertyPath: m_LocalPosition.x
      value: -0
      objectReference: {fileID: 0}
    - target: {fileID: 400002, guid: 76a655926ef3efa4da98946ce5dfbeda, type: 3}
      propertyPath: m_LocalPosition.y
      value: 0
      objectReference: {fileID: 0}
    - target: {fileID: 400002, guid: 76a655926ef3efa4da98946ce5dfbeda, type: 3}
      propertyPath: m_LocalPosition.z
      value: 0
      objectReference: {fileID: 0}
    - target: {fileID: 400002, guid: 76a655926ef3efa4da98946ce5dfbeda, type: 3}
      propertyPath: m_LocalRotation.x
      value: 0
      objectReference: {fileID: 0}
    - target: {fileID: 400002, guid: 76a655926ef3efa4da98946ce5dfbeda, type: 3}
      propertyPath: m_LocalRotation.y
      value: -0
      objectReference: {fileID: 0}
    - target: {fileID: 400002, guid: 76a655926ef3efa4da98946ce5dfbeda, type: 3}
      propertyPath: m_LocalRotation.z
      value: -0
      objectReference: {fileID: 0}
    - target: {fileID: 400002, guid: 76a655926ef3efa4da98946ce5dfbeda, type: 3}
      propertyPath: m_LocalRotation.w
      value: 1
      objectReference: {fileID: 0}
    - target: {fileID: 400002, guid: 76a655926ef3efa4da98946ce5dfbeda, type: 3}
      propertyPath: m_RootOrder
      value: 1
      objectReference: {fileID: 0}
    - target: {fileID: 400002, guid: 76a655926ef3efa4da98946ce5dfbeda, type: 3}
      propertyPath: m_LocalEulerAnglesHint.x
      value: 0
      objectReference: {fileID: 0}
    - target: {fileID: 400002, guid: 76a655926ef3efa4da98946ce5dfbeda, type: 3}
      propertyPath: m_LocalEulerAnglesHint.y
      value: 0
      objectReference: {fileID: 0}
    - target: {fileID: 400002, guid: 76a655926ef3efa4da98946ce5dfbeda, type: 3}
      propertyPath: m_LocalEulerAnglesHint.z
      value: 0
      objectReference: {fileID: 0}
    m_RemovedComponents: []
  m_SourcePrefab: {fileID: 100100000, guid: 76a655926ef3efa4da98946ce5dfbeda, type: 3}
--- !u!1 &4525722882991402389 stripped
GameObject:
  m_CorrespondingSourceObject: {fileID: 100002, guid: 76a655926ef3efa4da98946ce5dfbeda,
    type: 3}
  m_PrefabInstance: {fileID: 4525722882991369015}
  m_PrefabAsset: {fileID: 0}
--- !u!4 &4525722882990977461 stripped
Transform:
  m_CorrespondingSourceObject: {fileID: 400002, guid: 76a655926ef3efa4da98946ce5dfbeda,
    type: 3}
  m_PrefabInstance: {fileID: 4525722882991369015}
  m_PrefabAsset: {fileID: 0}
