%YAML 1.1
%TAG !u! tag:unity3d.com,2011:
--- !u!244 &-7415773206690946301
AudioMixerEffectController:
  m_ObjectHideFlags: 3
  m_CorrespondingSourceObject: {fileID: 0}
  m_PrefabInstance: {fileID: 0}
  m_PrefabAsset: {fileID: 0}
  m_Name: 
  m_EffectID: 4f7a5aee5d97b8b4381c6f4b92868892
  m_EffectName: Attenuation
  m_MixLevel: 20c66dbe3b930df4886d822bfdb97177
  m_Parameters: []
  m_SendTarget: {fileID: 0}
  m_EnableWetMix: 0
  m_Bypass: 0
--- !u!243 &-1255051361852532586
AudioMixerGroupController:
  m_ObjectHideFlags: 0
  m_CorrespondingSourceObject: {fileID: 0}
  m_PrefabInstance: {fileID: 0}
  m_PrefabAsset: {fileID: 0}
  m_Name: Receiver
  m_AudioMixer: {fileID: 24100000}
  m_GroupID: 214d47bc204bf614d9834eb4dcf080b4
  m_Children: []
  m_Volume: 75499ec5db9698141aab5ba919d3ab3c
  m_Pitch: 63bc1837386d2ae44ad4a8c0239d66d4
  m_Send: 00000000000000000000000000000000
  m_Effects:
  - {fileID: -7415773206690946301}
  m_UserColorIndex: 0
  m_Mute: 0
  m_Solo: 0
  m_BypassEffects: 0
--- !u!241 &24100000
AudioMixerController:
  m_ObjectHideFlags: 0
  m_CorrespondingSourceObject: {fileID: 0}
  m_PrefabInstance: {fileID: 0}
  m_PrefabAsset: {fileID: 0}
  m_Name: MainMixer
  m_OutputGroup: {fileID: 0}
  m_MasterGroup: {fileID: 24300002}
  m_Snapshots:
  - {fileID: 24500006}
  m_StartSnapshot: {fileID: 24500006}
  m_SuspendThreshold: -80
  m_EnableSuspend: 1
  m_UpdateMode: 0
  m_ExposedParameters: []
  m_AudioMixerGroupViews:
  - guids:
    - e95eb6d61f1800441815462e26573656
    - 9b3e91dee8be3a14baa598c9c558cc7f
    - 7c15d6166ec1ec94e9de7ca6b59c1cc9
    - 418408af4b29afb43b753676ee51b197
    - 214d47bc204bf614d9834eb4dcf080b4
    name: View
  m_CurrentViewIndex: 0
  m_TargetSnapshot: {fileID: 24500006}
--- !u!243 &24300002
AudioMixerGroupController:
  m_ObjectHideFlags: 0
  m_CorrespondingSourceObject: {fileID: 0}
  m_PrefabInstance: {fileID: 0}
  m_PrefabAsset: {fileID: 0}
  m_Name: Master
  m_AudioMixer: {fileID: 24100000}
  m_GroupID: e95eb6d61f1800441815462e26573656
  m_Children:
  - {fileID: 243190269927313250}
  - {fileID: 243495249590192954}
  - {fileID: 243224551634033422}
  - {fileID: -1255051361852532586}
  m_Volume: 5b86b0cedb9cea74ba27b6542433c6a3
  m_Pitch: 0f777c9c8a41f6647b50ff920c810787
  m_Send: 00000000000000000000000000000000
  m_Effects:
  - {fileID: 24400004}
  m_UserColorIndex: 0
  m_Mute: 0
  m_Solo: 0
  m_BypassEffects: 0
--- !u!244 &24400004
AudioMixerEffectController:
  m_ObjectHideFlags: 3
  m_CorrespondingSourceObject: {fileID: 0}
  m_PrefabInstance: {fileID: 0}
  m_PrefabAsset: {fileID: 0}
  m_Name: 
  m_EffectID: 4d40a2b3cec784f4c82a9a0235469673
  m_EffectName: Attenuation
  m_MixLevel: 74a5d7e2c92189848b1fbc04bfeb8cb5
  m_Parameters: []
  m_SendTarget: {fileID: 0}
  m_EnableWetMix: 0
  m_Bypass: 0
--- !u!245 &24500006
AudioMixerSnapshotController:
  m_ObjectHideFlags: 0
  m_CorrespondingSourceObject: {fileID: 0}
  m_PrefabInstance: {fileID: 0}
  m_PrefabAsset: {fileID: 0}
  m_Name: Snapshot
  m_AudioMixer: {fileID: 24100000}
  m_SnapshotID: eb3db37487b4cd141a106b76980fdfc4
  m_FloatValues:
    692afac66f158f24fa3841ecddcfc5e8: -10.345207
  m_TransitionOverrides: {}
--- !u!243 &243190269927313250
AudioMixerGroupController:
  m_ObjectHideFlags: 0
  m_CorrespondingSourceObject: {fileID: 0}
  m_PrefabInstance: {fileID: 0}
  m_PrefabAsset: {fileID: 0}
  m_Name: BlockDestroy
  m_AudioMixer: {fileID: 24100000}
  m_GroupID: 9b3e91dee8be3a14baa598c9c558cc7f
  m_Children: []
  m_Volume: 4c6c984f41835e847b0dd7eb3b7eb8fc
  m_Pitch: fc340709d9b02154e86d8ac3bf8bd233
  m_Send: 00000000000000000000000000000000
  m_Effects:
  - {fileID: 244480038670087018}
  m_UserColorIndex: 0
  m_Mute: 0
  m_Solo: 0
  m_BypassEffects: 0
--- !u!243 &243224551634033422
AudioMixerGroupController:
  m_ObjectHideFlags: 0
  m_CorrespondingSourceObject: {fileID: 0}
  m_PrefabInstance: {fileID: 0}
  m_PrefabAsset: {fileID: 0}
  m_Name: RemoveSound
  m_AudioMixer: {fileID: 24100000}
  m_GroupID: 418408af4b29afb43b753676ee51b197
  m_Children: []
  m_Volume: 692afac66f158f24fa3841ecddcfc5e8
  m_Pitch: 76fb0513e91ccd54d8c14dde41b59107
  m_Send: 00000000000000000000000000000000
  m_Effects:
  - {fileID: 244902148927850898}
  m_UserColorIndex: 0
  m_Mute: 0
  m_Solo: 0
  m_BypassEffects: 0
--- !u!243 &243495249590192954
AudioMixerGroupController:
  m_ObjectHideFlags: 0
  m_CorrespondingSourceObject: {fileID: 0}
  m_PrefabInstance: {fileID: 0}
  m_PrefabAsset: {fileID: 0}
  m_Name: BuildSound
  m_AudioMixer: {fileID: 24100000}
  m_GroupID: 7c15d6166ec1ec94e9de7ca6b59c1cc9
  m_Children: []
  m_Volume: aa7b885d079fe5049b3b349a7d77329e
  m_Pitch: 025e8603fccbd6b4b94160e77cb5a264
  m_Send: 00000000000000000000000000000000
  m_Effects:
  - {fileID: 244900234468310472}
  m_UserColorIndex: 0
  m_Mute: 0
  m_Solo: 0
  m_BypassEffects: 0
--- !u!244 &244480038670087018
AudioMixerEffectController:
  m_ObjectHideFlags: 3
  m_CorrespondingSourceObject: {fileID: 0}
  m_PrefabInstance: {fileID: 0}
  m_PrefabAsset: {fileID: 0}
  m_Name: 
  m_EffectID: 8a100cd3742768749ace490b55b552ce
  m_EffectName: Attenuation
  m_MixLevel: f0618fc782a84e84b8fdd638434943ad
  m_Parameters: []
  m_SendTarget: {fileID: 0}
  m_EnableWetMix: 0
  m_Bypass: 0
--- !u!244 &244900234468310472
AudioMixerEffectController:
  m_ObjectHideFlags: 3
  m_CorrespondingSourceObject: {fileID: 0}
  m_PrefabInstance: {fileID: 0}
  m_PrefabAsset: {fileID: 0}
  m_Name: 
  m_EffectID: adfb2932a5d2a2e4688e4df510e49c86
  m_EffectName: Attenuation
  m_MixLevel: 567b8a852b6479946985968f58b2530c
  m_Parameters: []
  m_SendTarget: {fileID: 0}
  m_EnableWetMix: 0
  m_Bypass: 0
--- !u!244 &244902148927850898
AudioMixerEffectController:
  m_ObjectHideFlags: 3
  m_CorrespondingSourceObject: {fileID: 0}
  m_PrefabInstance: {fileID: 0}
  m_PrefabAsset: {fileID: 0}
  m_Name: 
  m_EffectID: 637571e5bdbbf8b42ba12a17f7e11c11
  m_EffectName: Attenuation
  m_MixLevel: f08dedfa201b0054680a3ac81b36683f
  m_Parameters: []
  m_SendTarget: {fileID: 0}
  m_EnableWetMix: 0
  m_Bypass: 0
